%% This BibTeX bibliography file was created using BibDesk.
%% http://bibdesk.sourceforge.net/


%% Created for Lauro Cesar Araujo at 2013-08-21 10:57:09 -0300 


%% Saved with string encoding Unicode (UTF-8) 




@article{qiang2019road,
  title={The road to digital unfreedom: President xi's surveillance state},
  author={Qiang, Xiao},
  journal={Journal of Democracy},
  volume={30},
  number={1},
  pages={53--67},
  year={2019},
  publisher={Johns Hopkins University Press}
}


@article{mardjan2016open,
  title={Open Reference Architecture for Security and Privacy},
  author={Mardjan, Maikel J and Jahan, Asim},
  year={2016},
  publisher={CreateSpace Independent Publishing Platform}
}

@book{ibge1993,
	Address = {Rio de Janeiro},
	Author = {IBGE},
	Date-Added = {2013-08-21 13:56:10 +0000},
	Date-Modified = {2013-08-21 13:56:10 +0000},
	Edition = {3},
	Organization = {http://biblioteca.ibge.gov.br/visualizacao/livros/liv23907.pdf},
	Publisher = {Centro de Documenta{\c c}{\~a}o e Dissemina{\c c}{\~a}o de Informa{\c c}{\~o}es. Funda{\c c}{\~a}o Intituto Brasileiro de Geografia e Estat{\'\i}stica},
	Title = {Normas de apresenta{\c c}{\~a}o tabular},
	Urlaccessdate = {21 ago 2013},
	Year = {1993}}


